
% Journals

% First the Full Name is given, then the abbreviation used in the AMS Math
% Reviews, with an indication if it could not be found there.
% Note the 2nd overwrites the 1st, so swap them if you want the full name.

 %{AMS}
 @String{AMSTrans = "American Mathematical Society Translations" }
 @String{AMSTrans = "Amer. Math. Soc. Transl." }
 @String{BullAMS = "Bulletin of the American Mathematical Society" }
 @String{BullAMS = "Bull. Amer. Math. Soc." }
 @String{ProcAMS = "Proceedings of the American Mathematical Society" }
 @String{ProcAMS = "Proc. Amer. Math. Soc." }
 @String{TransAMS = "Transactions of the American Mathematical Society" }
 @String{TransAMS = "Trans. Amer. Math. Soc." }

 %ACM
 @String{CACM = "Communications of the {ACM}" }
 @String{CACM = "Commun. {ACM}" }
 @String{CompServ = "Comput. Surveys" }
 @String{JACM = "J. ACM" }
 @String{ACMMathSoft = "{ACM} Transactions on Mathematical Software" }
 @String{ACMMathSoft = "{ACM} Trans. Math. Software" }
 @String{SIGNUM = "{ACM} {SIGNUM} Newsletter" }
 @String{SIGNUM = "{ACM} {SIGNUM} Newslett." }

 @String{AmerSocio = "American Journal of Sociology" }
 @String{AmerStatAssoc = "Journal of the American Statistical Association" }
 @String{AmerStatAssoc = "J. Amer. Statist. Assoc." }
 @String{ApplMathComp = "Applied Mathematics and Computation" }
 @String{ApplMathComp = "Appl. Math. Comput." }
 @String{AmerMathMonthly = "American Mathematical Monthly" }
 @String{AmerMathMonthly = "Amer. Math. Monthly" }
 @String{BIT = "{BIT}" }
 @String{BritStatPsych = "British Journal of Mathematical and Statistical
          Psychology" }
 @String{BritStatPsych = "Brit. J. Math. Statist. Psych." }
 @String{CanMathBull = "Canadian Mathematical Bulletin" }
 @String{CanMathBull = "Canad. Math. Bull." }
 @String{CompApplMath = "Journal of Computational and Applied Mathematics" }
 @String{CompApplMath = "J. Comput. Appl. Math." }
 @String{CompPhys = "Journal of Computational Physics" }
 @String{CompPhys = "J. Comput. Phys." }
 @String{CompStruct = "Computers and Structures" }
 @String{CompStruct = "Comput. \& Structures" }
 @String{CompJour = "The Computer Journal" }
 @String{CompJour = "Comput. J." }
 @String{CompSysSci = "Journal of Computer and System Sciences" }
 @String{CompSysSci = "J. Comput. System Sci." }
 @String{Computing = "Computing" }
 @String{ContempMath = "Contemporary Mathematics" }
 @String{ContempMath = "Contemp. Math." }
 @String{Crelle = "Crelle's Journal" }
 @String{GiornaleMath = "Giornale di Mathematiche" }
 @String{GiornaleMath = "Giorn. Mat." } % didn't find in AMS MR., ibid.

 %IEEE
 @String{Computer = "{IEEE} Computer" }
 @String{IEEETransComp = "{IEEE} Transactions on Computers" }
 @String{IEEETransComp = "{IEEE} Trans. Comput." }
 @String{IEEETransAC = "{IEEE} Transactions on Automatic Control" }
 @String{IEEETransAC = "{IEEE} Trans. Automat. Control" }
 @String{IEEESpec = "{IEEE} Spectrum" } % didn't find in AMS MR
 @String{ProcIEEE = "Proceedings of the {IEEE}" }
 @String{ProcIEEE = "Proc. {IEEE}" } % didn't find in AMS MR
 @String{IEEETransAeroElec = "{IEEE} Transactions on Aerospace and Electronic
     Systems" }
 @String{IEEETransAeroElec = "{IEEE} Trans. Aerospace Electron. Systems" }

 @String{IMANumerAna = "{IMA} Journal of Numerical Analysis" }
 @String{IMANumerAna = "{IMA} J. Numer. Anal." }
 @String{InfProcLet = "Information Processing Letters" }
 @String{InfProcLet = "Inform. Process. Lett." }
 @String{InstMathApp = "Journal of the Institute of Mathematics and
     its Applications" }
 @String{InstMathApp = "J. Inst. Math. Appl." }
 @String{IntControl = "International Journal of Control" }
 @String{IntControl = "Internat. J. Control" }
 @String{IntNumerEng = "International Journal for Numerical Methods in
     Engineering" }
 @String{IntNumerEng = "Internat. J. Numer. Methods Engrg." }
 @String{IntSuper = "International Journal of Supercomputing Applications" }
 @String{IntSuper = "Internat. J. Supercomputing Applic." } % didn't find
%% in AMS MR
 @String{Kibernetika = "Kibernetika" }
 @String{JResNatBurStand = "Journal of Research of the National Bureau
     of Standards" }
 @String{JResNatBurStand = "J. Res. Nat. Bur. Standards" }
 @String{LinAlgApp = "Linear Algebra and its Applications" }
 @String{LinAlgApp = "Linear Algebra Appl." }
 @String{MathAnaAppl = "Journal of Mathematical Analysis and Applications" }
 @String{MathAnaAppl = "J. Math. Anal. Appl." }
 @String{MathAnnalen = "Mathematische Annalen" }
 @String{MathAnnalen = "Math. Ann." }
 @String{MathPhys = "Journal of Mathematical Physics" }
 @String{MathPhys = "J. Math. Phys." }
 @String{MathComp = "Mathematics of Computation" }
 @String{MathComp = "Math. Comp." }
 @String{MathScand = "Mathematica Scandinavica" }
 @String{MathScand = "Math. Scand." }
 @String{TablesAidsComp = "Mathematical Tables and Other Aids to Computation" }
 @String{TablesAidsComp = "Math. Tables Aids Comput." }
 @String{NumerMath = "Numerische Mathematik" }
 @String{NumerMath = "Numer. Math." }
 @String{PacificMath = "Pacific Journal of Mathematics" }
 @String{PacificMath = "Pacific J. Math." }
 @String{ParDistComp = "Journal of Parallel and Distributed Computing" }
 @String{ParDistComp = "J. Parallel and Distrib. Comput." } % didn't find
%% in AMS MR
 @String{ParComputing = "Parallel Computing" }
 @String{ParComputing = "Parallel Comput." }
 @String{PhilMag = "Philosophical Magazine" }
 @String{PhilMag = "Philos. Mag." }
 @String{ProcNAS = "Proceedings of the National Academy of Sciences
                    of the USA" }
 @String{ProcNAS = "Proc. Nat. Acad. Sci. U. S. A." }
 @String{Psychometrika = "Psychometrika" }
 @String{QuartMath = "Quarterly Journal of Mathematics, Oxford, Series (2)" }
 @String{QuartMath = "Quart. J. Math. Oxford Ser. (2)" }
 @String{QuartApplMath = "Quarterly of Applied Mathematics" }
 @String{QuartApplMath = "Quart. Appl. Math." }
 @String{RevueInstStat = "Review of the International Statisical Institute" }
 @String{RevueInstStat = "Rev. Inst. Internat. Statist." }

 %SIAM
 @String{JSIAM = "Journal of the Society for Industrial and Applied
     Mathematics" }
 @String{JSIAM = "J. Soc. Indust. Appl. Math." }
 @String{JSIAMB = "Journal of the Society for Industrial and Applied
     Mathematics, Series B, Numerical Analysis" }
 @String{JSIAMB = "J. Soc. Indust. Appl. Math. Ser. B Numer. Anal." }
 @String{SIAMAlgMeth = "{SIAM} Journal on Algebraic and Discrete Methods" }
 @String{SIAMAlgMeth = "{SIAM} J. Algebraic Discrete Methods" }
 @String{SIAMAppMath = "{SIAM} Journal on Applied Mathematics" }
 @String{SIAMAppMath = "{SIAM} J. Appl. Math." }
 @String{SIAMComp = "{SIAM} Journal on Computing" }
 @String{SIAMComp = "{SIAM} J. Comput." }
 @String{SIAMMatrix = "{SIAM} Journal on Matrix Analysis and Applications" }
 @String{SIAMMatrix = "{SIAM} J. Matrix Anal. Appl." }
 @String{SIAMNumAnal = "{SIAM} Journal on Numerical Analysis" }
 @String{SIAMNumAnal = "{SIAM} J. Numer. Anal." }
 @String{SIAMReview = "{SIAM} Review" }
 @String{SIAMReview = "{SIAM} Rev." }
 @String{SIAMSciStat = "{SIAM} Journal on Scientific and Statistical
     Computing" }
 @String{SIAMSciStat = "{SIAM} J. Sci. Statist. Comput." }

 @String{SoftPracExp = "Software Practice and Experience" }
 @String{SoftPracExp = "Software Prac. Experience" } % didn't find in AMS MR
 @String{StatScience = "Statistical Science" }
 @String{StatScience = "Statist. Sci." }
 @String{Techno = "Technometrics" }
 @String{USSRCompMathPhys = "{USSR} Computational Mathematics and Mathematical
     Physics" }
 @String{USSRCompMathPhys = "{U. S. S. R.} Comput. Math. and Math. Phys." }
 @String{VLSICompSys = "Journal of {VLSI} and Computer Systems" }
 @String{VLSICompSys = "J. {VLSI} Comput. Syst." }
 @String{ZAngewMathMech = "Zeitschrift fur Angewandte Mathematik und
     Mechanik" }
 @String{ZAngewMathMech = "Z. Angew. Math. Mech." }
 @String{ZAngewMathPhys = "Zeitschrift fur Angewandte Mathematik und Physik" }
 @String{ZAngewMathPhys = "Z. Angew. Math. Phys." }

% Publishers % ================================================= |

 @String{Academic = "Academic Press" }
 @String{ACMPress = "{ACM} Press" }
 @String{AdamHilger = "Adam Hilger" }
 @String{AddisonWesley = "Addison-Wesley" }
 @String{AllynBacon = "Allyn and Bacon" }
 @String{AMS = "American Mathematical Society" }
 @String{Birkhauser = "Birkha{\"u}ser" }
 @String{CambridgePress = "Cambridge University Press" }
 @String{Chelsea = "Chelsea" }
 @String{ClaredonPress = "Claredon Press" }
 @String{DoverPub = "Dover Publications" }
 @String{Eyolles = "Eyolles" }
 @String{HoltRinehartWinston = "Holt, Rinehart and Winston" }
 @String{Interscience = "Interscience" }
 @String{JohnsHopkinsPress = "The Johns Hopkins University Press" }
 @String{JohnWileySons = "John Wiley and Sons" }
 @String{Macmillan = "Macmillan" }
 @String{MathWorks = "The Math Works Inc." }
 @String{McGrawHill = "McGraw-Hill" }
 @String{NatBurStd = "National Bureau of Standards" }
 @String{NorthHolland = "North-Holland" }
 @String{OxfordPress = "Oxford University Press" }  %address Oxford or London?
 @String{PergamonPress = "Pergamon Press" }
 @String{PlenumPress = "Plenum Press" }
 @String{PrenticeHall = "Prentice-Hall" }
 @String{SIAMPub = "{SIAM} Publications" }
 @String{Springer = "Springer-Verlag" }
 @String{TexasPress = "University of Texas Press" }
 @String{VanNostrand = "Van Nostrand" }
 @String{WHFreeman = "W. H. Freeman and Co." }

%Entries

%%%%%%%%%%%%%%%%%%%%%%%%%%%%%%%%%%%%%%%%%%
% PGM
@book{bishop2006pattern,
  title={Pattern recognition and machine learning},
  author={Bishop, Christopher M and Nasrabadi, Nasser M},
  volume={4},
  number={4},
  year={2006},
  publisher={Springer}
}

@article{jordan2004graphical,
  title={Graphical models},
  author={Jordan, Michael I},
  year={2004}
}

@book{pearl1988probabilistic,
  title={Probabilistic reasoning in intelligent systems: networks of plausible inference},
  author={Pearl, Judea},
  year={1988},
  publisher={Morgan Kaufmann}
}


% GNN
@article{xu2018powerful,
  title={How powerful are graph neural networks?},
  author={Xu, Keyulu and Hu, Weihua and Leskovec, Jure and Jegelka, Stefanie},
  journal={ICLR},
  year={2019}
}

@article{hamilton2017inductive,
  title={Inductive representation learning on large graphs},
  author={Hamilton, Will and Ying, Zhitao and Leskovec, Jure},
  journal={NeurIPS},
  year={2017}
}

@inproceedings{yamaguchi2015socnl,
  title={Socnl: Bayesian label propagation with confidence},
  author={Yamaguchi, Yuto and Faloutsos, Christos and Kitagawa, Hiroyuki},
  booktitle={Advances in Knowledge Discovery and Data Mining: 19th Pacific-Asia Conference, PAKDD 2015, Ho Chi Minh City, Vietnam, May 19-22, 2015, Proceedings, Part I 19},
  pages={633--645},
  year={2015},
  organization={Springer}
}

@inproceedings{eswaran2017power,
  title={The power of certainty: A dirichlet-multinomial model for belief propagation},
  author={Eswaran, Dhivya and G{\"u}nnemann, Stephan and Faloutsos, Christos},
  booktitle={Proceedings of the 2017 SIAM International Conference on Data Mining},
  pages={144--152},
  year={2017},
  organization={SIAM}
}

@article{stadler2021graph,
  title={Graph posterior network: Bayesian predictive uncertainty for node classification},
  author={Stadler, Maximilian and Charpentier, Bertrand and Geisler, Simon and Z{\"u}gner, Daniel and G{\"u}nnemann, Stephan},
  journal={Advances in Neural Information Processing Systems},
  volume={34},
  pages={18033--18048},
  year={2021}
}



% Conformal Prediction
@book{vovk2005algorithmic,
  title={Algorithmic learning in a random world},
  author={Vovk, Vladimir and Gammerman, Alexander and Shafer, Glenn},
  volume={29},
  year={2005},
  publisher={Springer}
}

@inproceedings{zargarbashi2023conformal,
  title={Conformal prediction sets for graph neural networks},
  author={Zargarbashi, Soroush H and Antonelli, Simone and Bojchevski, Aleksandar},
  booktitle={International Conference on Machine Learning},
  pages={12292--12318},
  year={2023},
  organization={PMLR}
}

@inproceedings{clarkson2023distribution,
  title={Distribution free prediction sets for node classification},
  author={Clarkson, Jase},
  booktitle={International Conference on Machine Learning},
  pages={6268--6278},
  year={2023},
  organization={PMLR}
}

@article{sadinle2019least,
  title={Least ambiguous set-valued classifiers with bounded error levels},
  author={Sadinle, Mauricio and Lei, Jing and Wasserman, Larry},
  journal={Journal of the American Statistical Association},
  volume={114},
  number={525},
  pages={223--234},
  year={2019},
  publisher={Taylor \& Francis}
}

@article{barber2023conformal,
  title={Conformal prediction beyond exchangeability},
  author={Barber, Rina Foygel and Candes, Emmanuel J and Ramdas, Aaditya and Tibshirani, Ryan J},
  journal={The Annals of Statistics},
  volume={51},
  number={2},
  pages={816--845},
  year={2023},
  publisher={Institute of Mathematical Statistics}
}

@inproceedings{kang2022jurygcn,
  title={JuryGCN: quantifying jackknife uncertainty on graph convolutional networks},
  author={Kang, Jian and Zhou, Qinghai and Tong, Hanghang},
  booktitle={Proceedings of the 28th ACM SIGKDD Conference on Knowledge Discovery and Data Mining},
  pages={742--752},
  year={2022}
}

@article{huang2023uncertainty,
  title={Uncertainty quantification over graph with conformalized graph neural networks},
  author={Huang, Kexin and Jin, Ying and Candes, Emmanuel and Leskovec, Jure},
  journal={arXiv preprint arXiv:2305.14535},
  year={2023}
}

@inproceedings{zargarbashi2023conformal,
  title={Conformal prediction sets for graph neural networks},
  author={Zargarbashi, Soroush H and Antonelli, Simone and Bojchevski, Aleksandar},
  booktitle={International Conference on Machine Learning},
  pages={12292--12318},
  year={2023},
  organization={PMLR}
}

@inproceedings{clarkson2023distribution,
  title={Distribution free prediction sets for node classification},
  author={Clarkson, Jase},
  booktitle={International Conference on Machine Learning},
  pages={6268--6278},
  year={2023},
  organization={PMLR}
}

@article{romano2020classification,
  title={Classification with valid and adaptive coverage},
  author={Romano, Yaniv and Sesia, Matteo and Candes, Emmanuel},
  journal={Advances in Neural Information Processing Systems},
  volume={33},
  pages={3581--3591},
  year={2020}
}

@article{stutz2021learning,
  title={Learning optimal conformal classifiers},
  author={Stutz, David and Cemgil, Ali Taylan and Doucet, Arnaud and others},
  journal={arXiv preprint arXiv:2110.09192},
  year={2021}
}

@article{munikoti2023general,
  title={A general framework for quantifying aleatoric and epistemic uncertainty in graph neural networks},
  author={Munikoti, Sai and Agarwal, Deepesh and Das, Laya and Natarajan, Balasubramaniam},
  journal={Neurocomputing},
  volume={521},
  pages={1--10},
  year={2023},
  publisher={Elsevier}
}

@book{vovk2005algorithmic,
  title={Algorithmic learning in a random world},
  author={Vovk, Vladimir and Gammerman, Alexander and Shafer, Glenn},
  volume={29},
  year={2005},
  publisher={Springer}
}

@article{romano2020classification,
  title={Classification with valid and adaptive coverage},
  author={Romano, Yaniv and Sesia, Matteo and Candes, Emmanuel},
  journal={Advances in Neural Information Processing Systems},
  volume={33},
  pages={3581--3591},
  year={2020}
}

@article{angelopoulos2020uncertainty,
  title={Uncertainty sets for image classifiers using conformal prediction},
  author={Angelopoulos, Anastasios and Bates, Stephen and Malik, Jitendra and Jordan, Michael I},
  journal={arXiv preprint arXiv:2009.14193},
  year={2020}
}

@article{tibshirani2019conformal,
  title={Conformal prediction under covariate shift},
  author={Tibshirani, Ryan J and Foygel Barber, Rina and Candes, Emmanuel and Ramdas, Aaditya},
  journal={Advances in neural information processing systems},
  volume={32},
  year={2019}
}

@inproceedings{xu2022uncertainty,
  title={Uncertainty Propagation in Node Classification},
  author={Xu, Zhao and Lawrence, Carolin and Shaker, Ammar and Siarheyeu, Raman},
  booktitle={2022 IEEE International Conference on Data Mining (ICDM)},
  pages={1275--1280},
  year={2022},
  organization={IEEE}
}

@article{zhao2020uncertainty,
  title={Uncertainty aware semi-supervised learning on graph data},
  author={Zhao, Xujiang and Chen, Feng and Hu, Shu and Cho, Jin-Hee},
  journal={Advances in Neural Information Processing Systems},
  volume={33},
  pages={12827--12836},
  year={2020}
}

@inproceedings{depeweg2018decomposition,
  title={Decomposition of uncertainty in Bayesian deep learning for efficient and risk-sensitive learning},
  author={Depeweg, Stefan and Hernandez-Lobato, Jose-Miguel and Doshi-Velez, Finale and Udluft, Steffen},
  booktitle={International Conference on Machine Learning},
  pages={1184--1193},
  year={2018},
  organization={PMLR}
}

@article{malinin2018predictive,
  title={Predictive uncertainty estimation via prior networks},
  author={Malinin, Andrey and Gales, Mark},
  journal={Advances in neural information processing systems},
  volume={31},
  year={2018}
}

@inproceedings{depeweg2018decomposition,
  title={Decomposition of uncertainty in Bayesian deep learning for efficient and risk-sensitive learning},
  author={Depeweg, Stefan and Hernandez-Lobato, Jose-Miguel and Doshi-Velez, Finale and Udluft, Steffen},
  booktitle={International Conference on Machine Learning},
  pages={1184--1193},
  year={2018},
  organization={PMLR}
}

@article{guan2023localized,
  title={Localized conformal prediction: A generalized inference framework for conformal prediction},
  author={Guan, Leying},
  journal={Biometrika},
  volume={110},
  number={1},
  pages={33--50},
  year={2023},
  publisher={Oxford University Press}
}


@InProceedings{pmlr-v162-zaffran22a,
  title = 	 {Adaptive Conformal Predictions for Time Series},
  author =       {Zaffran, Margaux and Feron, Olivier and Goude, Yannig and Josse, Julie and Dieuleveut, Aymeric},
  booktitle = 	 {Proceedings of the 39th International Conference on Machine Learning},
  pages = 	 {25834--25866},
  year = 	 {2022},
  editor = 	 {Chaudhuri, Kamalika and Jegelka, Stefanie and Song, Le and Szepesvari, Csaba and Niu, Gang and Sabato, Sivan},
  volume = 	 {162},
  series = 	 {Proceedings of Machine Learning Research},
  month = 	 {17--23 Jul},
  publisher =    {PMLR}, 
}

@article{Sesia2019ACO,
  title={A comparison of some conformal quantile regression methods},
  author={Matteo Sesia and Emmanuel J. Cand{\`e}s},
  journal={Stat},
  year={2019},
  volume={9},
  url={https://api.semanticscholar.org/CorpusID:202565594}
}

@article{Barber2019PredictiveIW,
  title={Predictive inference with the jackknife+},
  author={Rina Foygel Barber and Emmanuel J. Cand{\`e}s and Aaditya Ramdas and Ryan J. Tibshirani},
  journal={The Annals of Statistics},
  year={2019},
  url={https://api.semanticscholar.org/CorpusID:147704029}
}


@article{Sesia2019ACO,
  title={A comparison of some conformal quantile regression methods},
  author={Matteo Sesia and Emmanuel J. Cand{\`e}s},
  journal={Stat},
  year={2019},
  volume={9},
  url={https://api.semanticscholar.org/CorpusID:202565594}
}

@article{Vovk2012CrossconformalP,
  title={Cross-conformal predictors},
  author={Vladimir Vovk},
  journal={Annals of Mathematics and Artificial Intelligence},
  year={2012},
  volume={74},
  pages={9-28},
  url={https://api.semanticscholar.org/CorpusID:51973287}
}
@inproceedings{ndiaye2022stable,
  title={Stable conformal prediction sets},
  author={Ndiaye, Eugene},
  booktitle={International Conference on Machine Learning},
  pages={16462--16479},
  year={2022},
  organization={PMLR}
}

@inproceedings{Gibbs2021AdaptiveCI,
  title={Adaptive Conformal Inference Under Distribution Shift},
  author={Isaac Gibbs and Emmanuel J. Cand{\`e}s},
  booktitle={Neural Information Processing Systems},
  year={2021},
  url={https://api.semanticscholar.org/CorpusID:235266057}
}
@inproceedings{xu2021conformal,
  title={Conformal prediction interval for dynamic time-series},
  author={Xu, Chen and Xie, Yao},
  booktitle={International Conference on Machine Learning},
  pages={11559--11569},
  year={2021},
  organization={PMLR}
}

@article{hoff2023bayes,
  title={Bayes-optimal prediction with frequentist coverage control},
  author={Hoff, Peter},
  journal={Bernoulli},
  volume={29},
  number={2},
  pages={901--928},
  year={2023},
  publisher={Bernoulli Society for Mathematical Statistics and Probability}
}

@inproceedings{gal2016dropout,
  title={Dropout as a bayesian approximation: Representing model uncertainty in deep learning},
  author={Gal, Yarin and Ghahramani, Zoubin},
  booktitle={international conference on machine learning},
  pages={1050--1059},
  year={2016},
  organization={PMLR}
}

@inproceedings{zhang2019bayesian,
  title={Bayesian graph convolutional neural networks for semi-supervised classification},
  author={Zhang, Yingxue and Pal, Soumyasundar and Coates, Mark and Ustebay, Deniz},
  booktitle={Proceedings of the AAAI conference on artificial intelligence},
  volume={33},
  number={01},
  pages={5829--5836},
  year={2019}
}

@article{gopalan2012scalable,
  title={Scalable inference of overlapping communities},
  author={Gopalan, Prem K and Gerrish, Sean and Freedman, Michael and Blei, David and Mimno, David},
  journal={Advances in Neural Information Processing Systems},
  volume={25},
  year={2012}
}

@inproceedings{li2016scalable,
  title={Scalable MCMC for mixed membership stochastic blockmodels},
  author={Li, Wenzhe and Ahn, Sungjin and Welling, Max},
  booktitle={Artificial Intelligence and Statistics},
  pages={723--731},
  year={2016},
  organization={PMLR}
}

@inproceedings{pal2019bayesian,
  title={Bayesian graph convolutional neural networks using node copying},
  author={Pal, Soumyasundar and Regol, Florence and Coates, Mark},
  booktitle={Proceedings of the 36th International Conference on Machine Learning, Workshop on Learning and Reasoning with Graph-Structured Representations},
  year={2019},
  organization={ICML},
  arxivId={arXiv:1911.04965}
}

@inproceedings{pal2020non,
  title={Non parametric graph learning for bayesian graph neural networks},
  author={Pal, Soumyasundar and Malekmohammadi, Saber and Regol, Florence and Zhang, Yingxue and Xu, Yishi and Coates, Mark},
  booktitle={Conference on uncertainty in artificial intelligence},
  pages={1318--1327},
  year={2020},
  organization={PMLR}
}

@inproceedings{vovk2018cross,
  title={Cross-conformal predictive distributions},
  author={Vovk, Vladimir and Nouretdinov, Ilia and Manokhin, Valery and Gammerman, Alexander},
  booktitle={conformal and probabilistic prediction and applications},
  pages={37--51},
  year={2018},
  organization={PMLR}
}

@inproceedings{guo2017calibration,
  title={On calibration of modern neural networks},
  author={Guo, Chuan and Pleiss, Geoff and Sun, Yu and Weinberger, Kilian Q},
  booktitle={International conference on machine learning},
  pages={1321--1330},
  year={2017},
  organization={PMLR}
}

@misc{vasilev2023calibration,
      title={Calibration of Neural Networks}, 
      author={Ruslan Vasilev and Alexander D'yakonov},
      year={2023},
      eprint={2303.10761},
      archivePrefix={arXiv},
      primaryClass={cs.NE}
}

@inproceedings{zadrozny2002transforming,
  title={Transforming classifier scores into accurate multiclass probability estimates},
  author={Zadrozny, Bianca and Elkan, Charles},
  booktitle={Proceedings of the eighth ACM SIGKDD international conference on Knowledge discovery and data mining},
  pages={694--699},
  year={2002}
}

@inproceedings{naeini2015obtaining,
  title={Obtaining well calibrated probabilities using bayesian binning},
  author={Naeini, Mahdi Pakdaman and Cooper, Gregory and Hauskrecht, Milos},
  booktitle={Proceedings of the AAAI conference on artificial intelligence},
  volume={29},
  number={1},
  year={2015}
}

@article{kull2019beyond,
  title={Beyond temperature scaling: Obtaining well-calibrated multi-class probabilities with dirichlet calibration},
  author={Kull, Meelis and Perello Nieto, Miquel and K{\"a}ngsepp, Markus and Silva Filho, Telmo and Song, Hao and Flach, Peter},
  journal={Advances in neural information processing systems},
  volume={32},
  year={2019}
}

@inproceedings{hasanzadeh2020bayesian,
  title={Bayesian graph neural networks with adaptive connection sampling},
  author={Hasanzadeh, Arman and Hajiramezanali, Ehsan and Boluki, Shahin and Zhou, Mingyuan and Duffield, Nick and Narayanan, Krishna and Qian, Xiaoning},
  booktitle={International conference on machine learning},
  pages={4094--4104},
  year={2020},
  organization={PMLR}
}

@article{blei2017variational,
  title={Variational inference: A review for statisticians},
  author={Blei, David M and Kucukelbir, Alp and McAuliffe, Jon D},
  journal={Journal of the American statistical Association},
  volume={112},
  number={518},
  pages={859--877},
  year={2017},
  publisher={Taylor \& Francis}
}

@article{mukhoti2020calibrating,
  title={Calibrating deep neural networks using focal loss},
  author={Mukhoti, Jishnu and Kulharia, Viveka and Sanyal, Amartya and Golodetz, Stuart and Torr, Philip and Dokania, Puneet},
  journal={Advances in Neural Information Processing Systems},
  volume={33},
  pages={15288--15299},
  year={2020}
}

@article{krishnan2020improving,
  title={Improving model calibration with accuracy versus uncertainty optimization},
  author={Krishnan, Ranganath and Tickoo, Omesh},
  journal={Advances in Neural Information Processing Systems},
  volume={33},
  pages={18237--18248},
  year={2020}
}

@article{brier1950verification,
  title={Verification of forecasts expressed in terms of probability},
  author={Brier, Glenn W},
  journal={Monthly weather review},
  volume={78},
  number={1},
  pages={1--3},
  year={1950},
  publisher={Citeseer}
}

@inproceedings{zadrozny2001obtaining,
  title={Obtaining calibrated probability estimates from decision trees and naive bayesian classifiers},
  author={Zadrozny, Bianca and Elkan, Charles},
  booktitle={Icml},
  volume={1},
  pages={609--616},
  year={2001}
}

@inproceedings{zadrozny2002transforming,
  title={Transforming classifier scores into accurate multiclass probability estimates},
  author={Zadrozny, Bianca and Elkan, Charles},
  booktitle={Proceedings of the eighth ACM SIGKDD international conference on Knowledge discovery and data mining},
  pages={694--699},
  year={2002}
}

@article{platt1999probabilistic,
  title={Probabilistic outputs for support vector machines and comparisons to regularized likelihood methods},
  author={Platt, John and others},
  journal={Advances in large margin classifiers},
  volume={10},
  number={3},
  pages={61--74},
  year={1999},
  publisher={Cambridge, MA}
}

@article{muller2019does,
  title={When does label smoothing help?},
  author={M{\"u}ller, Rafael and Kornblith, Simon and Hinton, Geoffrey E},
  journal={Advances in neural information processing systems},
  volume={32},
  year={2019}
}

@inproceedings{lin2017focal,
  title={Focal loss for dense object detection},
  author={Lin, Tsung-Yi and Goyal, Priya and Girshick, Ross and He, Kaiming and Doll{\'a}r, Piotr},
  booktitle={Proceedings of the IEEE international conference on computer vision},
  pages={2980--2988},
  year={2017}
}

@article{mukhoti2020calibrating,
  title={Calibrating deep neural networks using focal loss},
  author={Mukhoti, Jishnu and Kulharia, Viveka and Sanyal, Amartya and Golodetz, Stuart and Torr, Philip and Dokania, Puneet},
  journal={Advances in Neural Information Processing Systems},
  volume={33},
  pages={15288--15299},
  year={2020}
}

@article{elinas2020variational,
  title={Variational inference for graph convolutional networks in the absence of graph data and adversarial settings},
  author={Elinas, Pantelis and Bonilla, Edwin V and Tiao, Louis},
  journal={Advances in Neural Information Processing Systems},
  volume={33},
  pages={18648--18660},
  year={2020}
}

@article{jang2016categorical,
  title={Categorical reparameterization with gumbel-softmax},
  author={Jang, Eric and Gu, Shixiang and Poole, Ben},
  journal={arXiv preprint arXiv:1611.01144},
  year={2016}
}

@article{maddison2016concrete,
  title={The concrete distribution: A continuous relaxation of discrete random variables},
  author={Maddison, Chris J and Mnih, Andriy and Teh, Yee Whye},
  journal={arXiv preprint arXiv:1611.00712},
  year={2016}
}

@inproceedings{niculescu2005predicting,
  title={Predicting good probabilities with supervised learning},
  author={Niculescu-Mizil, Alexandru and Caruana, Rich},
  booktitle={Proceedings of the 22nd international conference on Machine learning},
  pages={625--632},
  year={2005}
}

@inproceedings{kuleshov2018accurate,
  title={Accurate uncertainties for deep learning using calibrated regression},
  author={Kuleshov, Volodymyr and Fenner, Nathan and Ermon, Stefano},
  booktitle={International conference on machine learning},
  pages={2796--2804},
  year={2018},
  organization={PMLR}
}

@article{teixeira2019graph,
  title={Are graph neural networks miscalibrated?},
  author={Teixeira, Leonardo and Jalaian, Brian and Ribeiro, Bruno},
  journal={arXiv preprint arXiv:1905.02296},
  year={2019}
}

@article{kipf2016semi,
  title={Semi-supervised classification with graph convolutional networks},
  author={Kipf, Thomas N and Welling, Max},
  journal={arXiv preprint arXiv:1609.02907},
  year={2016}
}

@article{velivckovic2017graph,
  title={Graph attention networks},
  author={Veli{\v{c}}kovi{\'c}, Petar and Cucurull, Guillem and Casanova, Arantxa and Romero, Adriana and Lio, Pietro and Bengio, Yoshua},
  journal={arXiv preprint arXiv:1710.10903},
  year={2017}
}

@article{xu2018powerful,
  title={How powerful are graph neural networks?},
  author={Xu, Keyulu and Hu, Weihua and Leskovec, Jure and Jegelka, Stefanie},
  journal={arXiv preprint arXiv:1810.00826},
  year={2018}
}

@article{wang2021confident,
  title={Be confident! towards trustworthy graph neural networks via confidence calibration},
  author={Wang, Xiao and Liu, Hongrui and Shi, Chuan and Yang, Cheng},
  journal={Advances in Neural Information Processing Systems},
  volume={34},
  pages={23768--23779},
  year={2021}
}

@article{hsu2022makes,
  title={What Makes Graph Neural Networks Miscalibrated?},
  author={Hsu, Hans Hao-Hsun and Shen, Yuesong and Tomani, Christian and Cremers, Daniel},
  journal={Advances in Neural Information Processing Systems},
  volume={35},
  pages={13775--13786},
  year={2022}
}

@article{kipf2016variational,
  title={Variational graph auto-encoders},
  author={Kipf, Thomas N and Welling, Max},
  journal={arXiv preprint arXiv:1611.07308},
  year={2016}
}

@inproceedings{ahn2021variational,
  title={Variational graph normalized autoencoders},
  author={Ahn, Seong Jin and Kim, MyoungHo},
  booktitle={Proceedings of the 30th ACM international conference on information \& knowledge management},
  pages={2827--2831},
  year={2021}
}

@article{li2020dirichlet,
  title={Dirichlet graph variational autoencoder},
  author={Li, Jia and Yu, Jianwei and Li, Jiajin and Zhang, Honglei and Zhao, Kangfei and Rong, Yu and Cheng, Hong and Huang, Junzhou},
  journal={Advances in Neural Information Processing Systems},
  volume={33},
  pages={5274--5283},
  year={2020}
}

@inproceedings{simonovsky2018graphvae,
  title={Graphvae: Towards generation of small graphs using variational autoencoders},
  author={Simonovsky, Martin and Komodakis, Nikos},
  booktitle={Artificial Neural Networks and Machine Learning--ICANN 2018: 27th International Conference on Artificial Neural Networks, Rhodes, Greece, October 4-7, 2018, Proceedings, Part I 27},
  pages={412--422},
  year={2018},
  organization={Springer}
}

@article{hajiramezanali2019variational,
  title={Variational graph recurrent neural networks},
  author={Hajiramezanali, Ehsan and Hasanzadeh, Arman and Narayanan, Krishna and Duffield, Nick and Zhou, Mingyuan and Qian, Xiaoning},
  journal={Advances in neural information processing systems},
  volume={32},
  year={2019}
}

@article{hasanzadeh2019semi,
  title={Semi-implicit graph variational auto-encoders},
  author={Hasanzadeh, Arman and Hajiramezanali, Ehsan and Narayanan, Krishna and Duffield, Nick and Zhou, Mingyuan and Qian, Xiaoning},
  journal={Advances in neural information processing systems},
  volume={32},
  year={2019}
}

@inproceedings{sun2021hyperbolic,
  title={Hyperbolic variational graph neural network for modeling dynamic graphs},
  author={Sun, Li and Zhang, Zhongbao and Zhang, Jiawei and Wang, Feiyang and Peng, Hao and Su, Sen and Philip, S Yu},
  booktitle={Proceedings of the AAAI Conference on Artificial Intelligence},
  volume={35},
  number={5},
  pages={4375--4383},
  year={2021}
}